3352 5356
1675 547 1995 605 -12—

907 699 1149 771 Statuit
1173 709 1397 772 autem
1421 701 1855 794 magistratus
1873 724 1962 775 ex
1987 719 2298 797 persona,
2332 722 2422 772 ex
2450 699 2855 788 conditione,

817 854 906 904 ex
955 842 1249 929 tempore
1269 889 1287 920 ‚
1341 836 1451 906 cui
1497 837 1922 932 potissimum
1973 835 2349 909 credendus
2409 835 2497 908 sit
2539 837 2856 931 pupillus.

813 967 1176 1064 Rescripsit
1224 969 1609 1045 Alexander
1666 983 1952 1046 matrem
2020 972 2108 1044 ad
2167 969 2680 1044 custodiendum
2734 992 2865 1065 pu-

814 1101 1048 1194 pillum
1071 1104 1384 1175 omnihus
1411 1107 1708 1198 praeferri
1738 1105 2009 1194 debere,
2039 1104 2172 1178 nisi
2196 1114 2421 1176 tamen
2450 1103 2511 1175 ei
2546 1104 2863 1176 vitricum

812 1234 1179 1328 induxerit,
1199 1239 1384 1333 quod
1413 1261 1564 1312 eam
1587 1240 1861 1335 quidem
1884 1262 1926 1312 a
1952 1238 2192 1335 pupilli
2216 1238 2526 1310 custodia
2554 1259 2691 1308 non
2719 1258 2863 1310 om-

813 1372 976 1445 nino
1006 1385 1227 1464 arcet,
1260 1378 1379 1449 sed
1406 1378 1676 1472 praetori
1704 1378 2090 1450 facultatem
2125 1375 2246 1448 dat
2292 1376 2356 1448 ei
2396 1376 2604 1446 alium
2631 1395 2863 1469 quem-

812 1528 1102 1604 cumque
1130 1512 1604 1605 anteponendi.

910 1642 1263 1727 Quomodo
1295 1656 1362 1717 et
1409 1646 1658 1740 quibus
1710 1645 2089 1741 sumptibus
2139 1645 2231 1718 ali
2280 1643 2523 1717 debeat
2569 1644 2865 1740 pupillus

812 1776 1179 1849 decernunt
1200 1780 1406 1852 etiam
1433 1790 1756 1875 praetores
1783 1790 1903 1853 aut
1927 1779 2247 1876 praesides
2283 1778 2504 1872 rogati
2536 1798 2578 1849 a
2612 1787 2861 1866 tutore,

813 1911 924 1981 vel
956 1911 1015 1983 si
1063 1920 1244 1984 tutor
1288 1914 1662 2008 neglexerit
1712 1936 1756 1987 a
1793 1913 2073 2009 pupillo.
2123 1911 2461 1986 Alimenta
2504 1912 2599 1983 ita
2633 1911 2866 1984 decer-

813 2059 986 2120 nunt
1009 2071 1102 2122 ex
1126 2053 1413 2151 fortunis
1446 2063 1514 2126 et
1550 2054 1930 2127 conditione
1975 2054 2212 2150 pupilli
2230 2109 2251 2143 ‚
2282 2061 2436 2149 post
2467 2053 2711 2123 factam
2744 2053 2865 2123 in-

814 2181 1266 2275 quisitionem,
1302 2195 1380 2257 ut
1409 2207 1547 2257 non
1571 2185 1933 2284 universus
1977 2185 2234 2257 reditus
2287 2181 2671 2278 patrimonii
2704 2203 2863 2254 con-

812 2329 1146 2408 sumatur,
1202 2320 1322 2393 sed
1369 2321 1591 2393 minor
1640 2321 1729 2394 sit
1783 2343 2085 2417 expensa
2119 2342 2327 2416 quam
2375 2318 2658 2392 reditus·
2722 2319 2863 2389 De-

811 2462 996 2526 creta
1022 2455 1367 2548 alimenta‚
1395 2459 1453 2528 si
1498 2457 1793 2551 pupillus
1823 2454 1902 2527 fit
1932 2456 2354 2551 locupletior,
2384 2462 2759 2547 augentnr3
2798 2453 2857 2525 si

811 2595 1048 2659 contra
1072 2589 1459 2683 pauperior,
1486 2587 1985 2660 diminuuntur.

909 2722 1062 2794 Non
1107 2723 1373 2816 cogitur
1418 2732 1598 2795 tutor
1647 2723 1735 2795 de
1779 2744 1903 2797 suo
1953 2722 2284 2818 pupillum
2312 2743 2602 2815 egenum
2638 2722 2853 2815 alere;

813 2854 933 2929 sed
958 2856 1019 2927 si
1039 2855 1359 2928 mentitus
1382 2865 1588 2949 negat
1608 2865 1882 2953 propter
1930 2855 2229 2952 inopiam
2264 2856 2500 2951 pupilli
2544 2856 2864 2928 alimenta

812 3009 1009 3086 posse
1040 2988 1339 3082 decerni,
1386 3011 1431 3061 a
1482 2992 1692 3064 tutela
1721 2990 2160 3065 submovetur
2174 3046 2195 3077 ,
2234 2990 2724 3085 remittiturque
2775 2989 2864 3062 ad

813 3123 1204 3218 praefectum
1236 3123 1428 3197 urbis
1452 3124 1863 3217 puniendus.

999 3503 1115 3577 IV.
1144 3542 1245 3561 -
1273 3508 1376 3578 De
1402 3526 1474 3578 eo
1519 3506 1634 3603 qui
1679 3528 1797 3602 pro
1843 3515 2050 3580 tutore
2100 3508 2367 3607 negotia
2409 3509 2638 3605 qessit.

907 3811 1039 3883 Pro
1062 3820 1280 3887 tutore
1302 3813 1362 3887 is
1386 3814 1530 3907 agit
1559 3813 1705 3910 qui,
1733 3816 2050 3911 quamvis
2072 3825 2251 3891 tutor
2273 3840 2412 3891 non
2436 3820 2548 3910 sit,
2581 3820 2857 3894 tutelam

816 3946 1013 4039 gerit,
1044 3947 1190 4024 sive
1231 3970 1305 4025 se
1335 3958 1625 4028 tutorem
1669 3972 1819 4028 esse
1860 3962 2089 4051 putet,
2130 3954 2276 4032 sive
2306 3955 2476 4032 sciat
2497 3976 2637 4033 non
2679 3975 2853 4043 esse,
