3352 5356
1298 540 1617 602 „13.-..-.

449 689 657 785 fingat
678 701 900 765 tamen
937 697 1424 767 esse.Protutor
1450 693 1721 778 dicitur,
1756 693 2049 786 dataque
2076 701 2309 766 contra
2334 714 2487 764 eum

442 849 482 899 a
501 837 786 921 praetore
810 828 1160 922 protutelae
1187 809 1388 918 actio,
1422 851 1558 922 qua
1581 838 1843 904 tenetur
1858 837 1933 898 ut
1970 837 2149 900 tutor
2172 828 2290 921 qui
2316 837 2489 901 tute-

441 963 574 1054 lam
609 964 914 1056 gesserit,
947 962 1094 1036 sive
1111 973 1290 1036 tutor
1314 965 1536 1050 fuerit,
1569 965 1715 1038 sive
1739 985 1902 1036 non.

540 1099 678 1170 Hae
719 1099 982 1171 actione
1041 1110 1302 1172 tenetur
1351 1101 1552 1173 etiam
1587 1101 1837 1172 femina
1863 1122 2021 1196 quae
2075 1122 2148 1172 se
2194 1099 2485 1192 negotiis

441 1233 676 1327 pupilli
744 1235 1055 1328 gerendis
1114 1233 1509 1323 immiscuit,
1592 1235 1907 1329 quamvis
1977 1235 2254 1306 tutelam
2336 1237 2491 1326 jure

443 1389 674 1458 gerere
721 1379 1012 1462 nequeat
1047 1395 1064 1438 ε
1113 1371 1207 1440 ita
1243 1370 1423 1440 enim
1459 1370 1853 1442 Valerianus
1892 1378 1961 1440 et
2006 1369 2349 1442 Gallienus
2383 1391 2500 1440 re·-

438 1502 872 1596 scripserunt.
916 1503 1228 1574 Similiter
1249 1505 1304 1576 si
1339 1525 1577 1576 servus
1597 1525 1723 1597 pro
1752 1512 1970 1574 tutore
1996 1523 2107 1574 res
2127 1502 2493 1597 pupillares

443 1633 1037 1724 administraverit,
1070 1634 1141 1704 in
1193 1609 1542 1708 dominum
1595 1639 1747 1728 ejus
1786 1635 2058 1715 dabitur
2102 1635 2279 1708 aetio
2332 1656 2496 1728 pro—

441 1772 684 1842 tutelae.

535 1906 600 1978 Is
652 1907 866 1977 solum
898 1915 1207 2000 protutor
1248 1906 1381 1979 diei
1412 1915 1632 2000 potest
1682 1907 1797 1999 qui
1857 1914 1925 1977 et
1974 1905 2168 1998 quasi
2221 1914 2401 1977 tutor
2433 1915 2502 1976 et

441 2040 584 2132 ejus
618 2039 735 2132 qui
769 2047 1060 2110 tutorem
1094 2037 1346 2112 hahere
1371 2047 1634 2132 poterat
1663 2037 1935 2130 negotia
1971 2039 2275 2131 gesserit.
2324 2039 2497 2110 Nam

446 2173 501 2246 si
539 2173 692 2265 quis
731 2171 944 2244 adulti
977 2173 1248 2265 negotia
1303 2172 1609 2264 gesserit,
1646 2192 1858 2263 quum
1916 2171 2174 2241 nullum
2230 2169 2500 2242 adultus

443 2308 690 2380 habere
719 2320 922 2402 queat
945 2319 1258 2393 tutorem,
1285 2331 1421 2380 non
1446 2309 1574 2380 erit
1600 2309 1789 2378 loeus
1828 2309 2181 2401 protutelae
2215 2307 2525 2378 actioni..

446 2442 628 2518 Idem
659 2441 1020 2512 dicendum
1059 2453 1162 2512 est
1185 2443 1242 2513 si
1273 2443 1424 2532 quis
1446 2461 1520 2512 se
1554 2449 1843 2512 tutorem
1878 2462 2025 2512 esse
2061 2462 2187 2512 nee
2226 2450 2495 2534 putans,

451 2597 574 2648 nee
600 2575 828 2646 dicens
847 2628 868 2666 ‚
901 2575 1270 2670 impuberis
1310 2574 1582 2668 negotia
1619 2575 1943 2668 gesserit,
1988 2576 2098 2648 vel
2146 2595 2189 2648 a
2239 2575 2497 2649 fortiori

449 2710 624 2782 illius
657 2710 1026 2804 impuberis
1049 2731 1248 2803 quem
1280 2708 1585 2781 adultum
1612 2732 1760 2787 esse
1794 2709 2135 2783 credebat.

562 2844 1144 2928 Quemadmodum
1233 2852 1466 2915 contra
1536 2853 1955 2938 protutorem
2042 2845 2243 2917 datur
2316 2844 2499 2915 utilis

451 2981 628 3053 actio
653 2981 904 3069 tutelae,
932 2981 1026 3051 ita
1063 2980 1123 3053 ei
1151 2980 1472 3076 Ulpianus
1521 2991 1700 3053 recte
1728 2980 1892 3052 dicit
1930 2990 2307 3074 competere
2332 3002 2499 3053 con-

453 3115 729 3186 trariam
757 3135 1025 3208 quoque
1056 3116 1282 3187 tutelae
1309 3114 1663 3187 actionem.

455 3493 537 3564 V.
579 3532 678 3547 —
729 3489 915 3577 Quod
965 3489 1135 3585 falso
1184 3500 1391 3563 tutore
1433 3501 1695 3563 auctore
1736 3500 1987 3585 qestum
2032 3512 2172 3563 esse
2209 3489 2487 3565 dicatur.

554 3804 754 3875 Gesta
779 3803 869 3873 ab
892 3823 973 3875 eo
1025 3809 1268 3893 tutore,
1299 3800 1366 3873 id
1411 3810 1512 3875 est
1535 3802 1626 3873 ab
1653 3823 1734 3874 eo
1759 3803 1877 3897 qui
1924 3810 2100 3874 tutor
2140 3823 2278 3875 non
2318 3812 2487 3893 erat,

451 3956 522 4009 se
567 3946 788 4009 autem
820 3960 946 4032 pro
983 3946 1200 4012 tutore
1229 3938 1530 4031 gerebat,
1563 3937 1814 4010 nullam
1852 3938 1990 4010 vim
2040 3937 2363 4011 obtinent.
2398 3975 2492 3992 --
