3352 5356
1405 589 1723 646 ..11—

535 741 617 828 si,
659 741 910 835 pupillo
951 740 1200 812 infante
1230 745 1336 813 vel
1364 743 1676 830 absente,
1721 751 1898 812 tutor
1933 762 2053 834 pro
2092 762 2172 811 eo
2215 739 2588 834 spoponde-

532 874 645 946 rit.
701 875 955 945 Pariter
1001 885 1235 946 contra
1267 876 1573 946 adultum
1608 878 1862 947 factum
1897 875 2229 970 pupillum
2265 875 2466 946 datur
2501 896 2589 944 ex

524 1008 828 1098 judicato
865 1009 1076 1096 aotiO,
1116 1009 1593 1103 convenirique
1623 1011 1825 1082 debet
1861 1031 1996 1082 non
2046 1017 2251 1095 tutor,
2296 1007 2415 1078 sed
2462 1030 2589 1100 pu-

533 1145 762 1237 pillus,
800 1155 878 1214 ut
904 1145 1246 1239 rescripsit
1280 1144 1658 1217 Antoninus
1687 1146 1771 1216 de
1797 1153 2135 1224 curatore.

631 1279 700 1348 Si
732 1289 959 1369 tutor„
980 1280 1056 1350 in
1088 1281 1357 1373 negotio
1382 1281 1564 1374 quod
1596 1303 1750 1351 oum
1782 1280 2037 1374 pupillo
2066 1298 2423 1348 commune
2448 1276 2590 1346 ha-

533 1410 672 1496 bet,
703 1414 885 1483 solus
919 1413 1170 1506 aliquid
1201 1415 1483 1499 caverit,
1522 1436 1646 1485 suo
1671 1427 1738 1484 et
1770 1413 2003 1508 pupilli
2033 1411 2307 1482 nomine
2336 1410 2595 1481 cavisse

533 1545 1001 1638 praesumitur,
1041 1545 1398 1639 dandaque
1435 1546 1618 1618 utilis
1651 1547 1828 1618 actio
1866 1556 2101 1616 contra
2134 1543 2439 1615 adultum
2469 1565 2595 1637 pu-

535 1679 794 1772 pillum,
829 1687 903 1748 ut
926 1679 1271 1773 respondit
1302 1681 1633 1752 Scaevola.

628 1812 762 1883 Sed
791 1834 1000 1905 quum
1036 1812 1193 1884 dolo
1231 1822 1408 1883 tutor
1437 1813 1611 1906 egit,
1649 1813 1897 1886 tutorio
1930 1814 2239 1901 nomine,
2292 1821 2599 1906 potestne
2692 1805 2705 1829 '

533 1945 707 2016 actio
744 1946 813 2014 in
847 1945 1176 2039 pupillum
1211 1946 1407 2017 dari?
1450 1948 1715 2040 Negant
1745 1947 2147 2042 prudenteS,
2176 1969 2301 2018 neo
2332 1944 2598 2039 justitia

531 2083 706 2152 ferre
753 2082 1044 2154 videtur.
1096 2084 1270 2155 Sane
1312 2084 1822 2177 intelligendum
1868 2100 1970 2157 est
2016 2107 2104 2156 ex
2145 2085 2301 2162 doio
2356 2083 2595 2155 tutoris

533 2215 863 2287 actionem
881 2217 1140 2312 ,pupillo
1169 2239 1305 2288 non
1338 2218 1558 2312 magis
1591 2221 1880 2328 acquiri,
1910 2231 1987 2290 ut
2021 2219 2219 2292 dolus
2248 2219 2489 2292 tutoris
2533 2221 2596 2288 ei

532 2371 658 2419 nec
703 2350 1020 2442 prodesse
1059 2371 1186 2420 nec
1241 2373 1483 2422 nocere
1531 2352 1768 2444 possit.
1822 2353 1993 2423 Nam
2056 2351 2239 2445 quod
2288 2325 2594 2422 teneatur

535 2481 829 2574 pupillus
856 2482 924 2550 in
948 2492 1280 2574 quantum
1310 2483 1705 2575 locupletior
1732 2505 1813 2553 ex
1843 2483 2077 2554 fraude
2108 2484 2349 2554 tutoris
2375 2485 2595 2554 factus

533 2623 660 2699 est,
699 2614 827 2686 hoc
861 2614 924 2686 ei
962 2635 1096 2687 non
1128 2623 1360 2698 nocet;
1405 2615 1572 2686 illud
1613 2615 1791 2687 enim
1838 2618 2054 2688 solum
2100 2616 2301 2690 nobis
2348 2638 2595 2691 nocere

526 2752 682 2841 jure
711 2747 844 2821 dici
871 2760 1088 2844 potest
1119 2749 1301 2843 quod
1329 2750 1584 2843 aliquid
1610 2773 1700 2821 ex
1730 2752 2001 2845 proprio
2038 2752 2358 2823 detrahit.

658 3130 771 3200 111.
799 3169 894 3183 -
931 3128 1054 3201 Ubi
1078 3128 1374 3226 pupillus
1409 3130 1682 3229 educari
1709 3130 1813 3201 vel
1836 3131 2084 3203 morari
2106 3130 2368 3223 debeat,
2400 3145 2464 3205 et

1069 3264 1152 3338 de
1185 3265 1512 3339 alimentis
1539 3269 1601 3339 ei
1626 3266 2056 3362 praestandis.

631 3586 868 3658 Romae
899 3598 1257 3681 praetorem
1285 3646 1302 3676 ‚
1332 3588 1402 3657 in
1426 3588 1793 3682 provinciis
1819 3598 2041 3659 autem
2077 3589 2432 3682 praesidem
2468 3611 2593 3660 so·-

536 3721 674 3789 ient
707 3720 894 3791 adire
923 3731 1175 3793 tutores
1206 3732 1279 3791 ut
1305 3723 1669 3794 constituat
1700 3724 1819 3793 ubi
1846 3723 2143 3819 pupillus
2177 3725 2452 3796 educari
2486 3725 2591 3795 vel

537 3854 787 3925 morari
821 3854 1084 3927 debeat.
1121 3856 1268 3927 Non
1327 3857 1504 3929 enim
1556 3881 1821 3954 semper
1872 3858 2073 3931 tutori
2118 3858 2595 3932 custodiendus

539 3985 976 4057 committitur
1005 3988 1326 4082 pupillus.
