3352 5356
1313 582 1588 638 ...9-..

421 755 596 807 unus
631 755 721 806 ex
760 735 820 806 is
853 754 896 805 a
926 733 1207 829 pupille,
1255 734 1468 806 altero
1505 740 1809 820 auctore,
1874 731 2219 828 stipulari,
2260 734 2331 804 in
2390 736 2471 808 iis

423 878 645 943 tamen
673 868 894 942 tutelis
919 889 1077 964 quae
1098 869 1274 940 infra
1298 868 1639 941 dicuntur.

516 1006 588 1078 Si
629 1007 881 1102 pupillo
909 1006 1134 1100 plures
1161 1005 1296 1078 sint
1326 1013 1577 1078 tutores
1597 1060 1617 1097 ‚
1648 1026 1884 1078 omnes
1913 1006 1985 1076 in
2012 1008 2199 1078 omni
2237 1031 2311 1082 re
2350 1009 2470 1083 de-

420 1142 582 1212 bent
603 1140 1067 1212 auctoritatem
1087 1140 1622 1227 accommodare,
1643 1149 1887 1234 praeter
1902 1162 2017 1212 eos
2032 1141 2150 1236 qui
2167 1163 2251 1214 ex
2278 1153 2476 1217 testa·

416 1288 642 1350 mento
673 1278 815 1351 dati
846 1291 1038 1363 sunt,
1075 1300 1235 1349 nam
1273 1287 1338 1349 et
1369 1277 1476 1348 his
1509 1275 1619 1348 vel‘
1642 1277 1845 1349 unius
1886 1280 2253 1352 auctoritas
2288 1279 2477 1352 suffi-

416 1413 527 1510 eit.
585 1414 696 1485 Sic
744 1414 1109 1508 Ulpianus:
1148 1412 1508 1485 Addebant
1559 1421 1824 1483 veteres
1874 1413 2344 1504 jurisconsulti
2402 1426 2469 1487 et

311 1584 318 1593 ·
419 1570 539 1621 eos
569 1548 688 1641 qui
726 1570 816 1620 ex
841 1548 1266 1642 inquisitione
1296 1546 1436 1618 dati
1465 1557 1684 1618 erant.
1718 1541 2005 1617 Sustulit
2030 1567 2303 1618 omnem
2331 1548 2475 1619 dif-

421 1681 772 1753 ferentiam
810 1683 1222 1755 Iustinianus
1243 1737 1261 1773 ‚
1315 1682 1658 1773 voluitque
1730 1677 1802 1748 in
1873 1679 2190 1752 omnibus
2252 1681 2477 1752 tutelis

423 1818 624 1887 unius
651 1817 891 1889 tutoris
928 1839 1018 1889 ex
1041 1817 1352 1913 pluribus
1385 1812 1695 1888 sufficere
1732 1813 2237 1906 auctoritatem,
2283 1837 2467 1911 prae-

421 1961 732 2045 terquam
779 1953 835 2024 si
868 1953 1164 2047 pupillus
1192 1973 1265 2024 se
1296 1951 1366 2020 in
1394 1948 1905 2041 adrogationem
1936 1949 2103 2021 dare
2137 1951 2310 2032 vult,
2340 1973 2477 2046 quo

333 2120 339 2125 ·
425 2085 730 2159 finiretur
766 2087 1069 2159 omnium
1102 2085 1346 2157 tutela:
1395 2084 1580 2179 quod
1631 2083 1812 2154 enim
1848 2103 2082 2156 omnes
2129 2085 2344 2179 tangit
2387 2086 2477 2158 ab

426 2220 737 2292 omnibus
765 2219 1194 2312 comprobari
1226 2229 1513 2315 oportet.

519 2327 734 2426 Nullis
757 2356 1130 2427 differentia
1172 2366 1317 2441 est,
1361 2378 1500 2426 non
1533 2355 1940 2425 interveniat
1968 2356 2208 2427 tutoris
2239 2364 2479 2426 aucto-

426 2488 622 2571 ritaS,
656 2508 745 2559 an
774 2509 1122 2582 perperam
1171 2486 1596 2558 adhibeatur.
1627 2487 1715 2558 Ut
1744 2496 1976 2558 autem
2008 2490 2257 2561 utiliter
2281 2487 2483 2561 adhi-

424 2623 700 2707 beatur,
733 2623 883 2695 haec
910 2643 1313 2695 concurrere
1344 2621 1592 2695 debent
1629 2648 1648 2693 z

524 2756 598 2827 1⁰
646 2757 854 2829 Tutor
911 2757 1378 2831 auctoritatem
1434 2765 1674 2851 sponte
1748 2757 2173 2851 interponere
2232 2757 2475 2846 debet;

425 2891 609 2963 unde
631 2901 909 2988 apparet
935 2900 1002 2965 et
1028 2893 1488 2965 auctoritatem
1521 2915 1672 2964 eam
1701 2894 1960 2963 nullam
1996 2915 2143 2963 esse
2173 2916 2381 2987 quam
2408 2895 2481 2965 vi

428 3028 686 3100 dederit
723 3039 927 3117 tutor,
961 3040 1024 3101 et
1058 3039 1417 3124 praetorem
1451 3051 1586 3102 non
1620 3052 1817 3124 posse
1865 3029 2154 3101 invitum
2190 3040 2480 3103 tutorem

429 3163 517 3234 ad
548 3165 1099 3259 interponendam
1128 3166 1590 3238 auctoritatem
1623 3186 1897 3258 cogere.

524 3294 601 3367 2⁰
668 3298 874 3369 Tutor
929 3298 1156 3371 statim
1227 3298 1298 3368 in
1361 3298 1510 3393 ipso
1577 3296 1851 3391 negotio
1921 3318 2222 3391 praesens
2282 3297 2482 3371 debet

432 3443 665 3505 auctor
690 3432 863 3504 fieri.

527 3564 602 3637 5⁰
646 3568 823 3639 Pure
873 3568 1070 3640 debet
1121 3569 1455 3664 interponi
1527 3570 1949 3660 auctoritas;
2012 3569 2481 3641 conditionalis

433 3701 796 3773 auctoritas
823 3725 958 3773 non
993 3706 1196 3776 valet.

528 3834 711 3904 Solet
745 3842 921 3905 tutor
973 3834 1424 3929 interrogari:
1481 3864 1515 3902 «
1560 3834 1904 3908 Auctorne
1945 3837 2029 3909 fis
2067 3837 2223 3908 huic
2262 3834 2408 3908 rei?
2435 3865 2470 3901 n

433 3968 566 4040 Sed
595 3978 663 4040 et
690 3970 906 4041 sinon
930 3972 1378 4067 interrogatus
1401 3972 1564 4048 dicit
1595 3997 1669 4050 se
1701 3976 1991 4071 probare
2014 3974 2198 4071 quod
2221 3975 2473 4069 agitur,

433 4108 615 4179 valet
648 4109 1011 4183 auctoritas
1037 4109 1212 4202 ejuS.
1723 4092 1731 4110 ¹
