3352 5356
1307 596 1588 652 ...7.-

417 771 728 845 puerum.
761 750 932 820 Sunt
959 749 1166 842 igitur
1186 759 1342 822 ante
1373 752 1792 844 pubertatem
1814 749 1954 820 duo
1984 747 2477 840 distinguendae

417 894 796 980 temporum
825 885 1049 976 vices;
1079 908 1370 978 quarum
1398 887 1469 956 in
1500 886 1724 980 priore
1749 885 2009 956 nullum
2031 884 2470 963 intellectum,

418 1017 488 1088 in
517 1020 728 1091 altera
755 1020 1072 1114 aliquem,
1108 1021 1226 1092 sed
1255 1022 1552 1092 nondum
1569 1020 1906 1113 judicium
1944 1019 2151 1091 animi
2182 1019 2477 1113 pupillus

415 1152 666 1224 habere
689 1153 980 1227 videtur.
1012 1155 1238 1248 Usque
1274 1155 1362 1226 ad
1389 1155 1747 1249 septimum
1785 1153 2043 1225 annum
2081 1150 2308 1224 infans
2332 1174 2475 1246 pu·-

415 1287 620 1380 pillus
647 1289 814 1360 actis
836 1311 990 1382 quae
1015 1288 1104 1361 ad
1129 1311 1284 1360 eum
1323 1289 1658 1383 pertinent
1686 1289 1873 1359 nullo
1910 1287 2111 1358 modo
2150 1286 2473 1356 interesse

415 1431 674 1516 potest3
708 1435 954 1496 octavo
981 1433 1206 1494 autem
1241 1425 1331 1494 ab
1351 1445 1532 1494 anno
1566 1445 1781 1515 usque
1811 1422 1899 1492 ad
1933 1423 2241 1515 quintum
2286 1421 2473 1492 deci-

415 1579 608 1628 mum
642 1558 908 1629 illorum
933 1581 1068 1629 non
1097 1559 1370 1633 omnino
1387 1559 1600 1651 judex
1627 1567 1976 1651 actorque,
2002 1568 2298 1628 attamen
2328 1579 2478 1649 par-

415 1690 626 1785 ticeps
672 1691 818 1763 fieri
864 1703 1106 1786 potest.
1153 1693 1315 1764 Inde
1359 1693 1585 1765 evenit
1634 1703 1712 1762 ut
1762 1693 2003 1764 tutoris
2056 1702 2352 1786 potestas
2402 1692 2474 1762 in

413 1826 696 1898 infantia
731 1829 969 1922 pupilli
1005 1829 1190 1899 aliud
1219 1831 1303 1900 sit
1330 1839 1532 1922 atque
1559 1829 1631 1900 in
1659 1829 2093 1922 sequentibus
2121 1827 2356 1918 annis3
2402 1828 2473 1896 in

413 1959 692 2032 infantia
718 1962 900 2034 enim
933 1963 1117 2034 solus
1161 1970 1340 2032 tutor
1370 1962 1645 2054 negotia
1667 1962 1897 2054 ‘gerit3
1941 1961 2278 2057 posterius
2310 1981 2474 2034 vero

414 2097 642 2190 agenti
675 2097 930 2192 pupillo
955 2097 1410 2170 aleator-itatem
1437 2097 1649 2169 addit.

509 2234 608 2304 De
632 2233 762 2305 hac
796 2243 1055 2305 tantum
1087 2233 1343 2306 auctori
1353 2243 1484 2304 tate
1507 2233 1707 2305 nobis
1727 2233 2199 2306 disserendum
2225 2243 2351 2304 est.

896 2598 949 2668 Ι.
996 2636 1092 2648 -
1125 2598 1228 2668 De
1255 2595 1640 2670 auctoritate
1669 2606 1983 2670 tutorum.

512 2918 738 3003 Quum
774 2918 1012 2989 tutoris
1052 2918 1517 2990 auctoritatem
1556 2918 1709 2990 ideo
1757 2917 1994 3012 pupilli
2046 2919 2215 2989 actis
2268 2919 2473 2991 inter-

413 3052 795 3148 ponendam
829 3053 1014 3145 leges
1048 3054 1432 3140 voluerunt,
1471 3074 1560 3123 ne
1583 3052 1841 3146 pupillo
1868 3061 2106 3124 noceat
2132 3051 2369 3143 judieii
2400 3054 2474 3123 in

416 3212 496 3263 ea
519 3199 716 3262 aetate
740 3188 1120 3280 infirmitaS,
1155 3191 1330 3261 hano
1352 3190 1459 3261 his
1486 3190 1816 3262 duntaxat
1842 3190 2011 3261 actis
2040 3191 2474 3283 interponen-

414 3324 574 3396 dam
613 3326 975 3397 voluerunt
1007 3326 1268 3421 ‘quibus
1308 3326 1601 3420 pupillus
1637 3346 1833 3397 suam
1864 3325 2314 3399 conditionem
2343 3326 2473 3397 de-

415 3460 729 3531 teriorem
752 3462 1024 3541 faceret,
1056 3461 1188 3531 inis
1221 3474 1456 3532 contra
1485 3461 1628 3531 sine
1655 3461 2055 3531 anctoritate
2087 3461 2472 3533 valentibus

415 3595 661 3690 quibus
693 3596 877 3667 illam
923 3596 1263 3668 meliorem
1298 3596 1482 3666 facit.
1515 3596 1647 3681 Qui
1692 3618 1765 3667 se
1794 3606 2021 3666 autem
2049 3596 2309 3688 obligat
2355 3595 2473 3665 de-

413 3729 725 3802 teriorem
775 3728 1222 3802 conditionem
1269 3732 1486 3803 facere
1537 3733 2007 3826 praesumitur,
2065 3732 2326 3802 etiamsi
2379 3753 2469 3803 ex

415 3866 823 3959 obligatione
851 3868 1115 3937 luorum
1138 3868 1358 3939 facere
1386 3875 1630 3960 speret.
1659 3867 1812 3938 Non
1848 3875 2064 3960 potest
2085 3866 2295 3959 igitur
2330 3888 2469 3959 pu—

417 3999 616 4093 pillus
650 4022 723 4074 se
749 4002 888 4073 ullo
916 4001 1144 4085 mod0,·
1180 4001 1290 4074 vel
1319 4000 1606 4094 directe,
1643 4001 1753 4073 vel
1792 4020 1911 4095 per
1956 4000 2466 4094 consequentias
