3352 5356
1861 576 2142 632 ...6.-

971 731 1196 802 tutelae
1225 739 1566 822 nequeunt
1600 730 1810 824 igitur
1844 731 2082 824 subjici
2111 731 2227 824 qui
2263 750 2397 801 non
2438 729 2629 802 liberi
2672 739 2873 816 sunt,
2904 753 3031 802 nec

971 864 1065 934 illi
1107 865 1332 936 solum
1367 866 1487 959 qui
1521 889 1656 937 non
1700 869 2011 960 ingenui,
2042 866 2159 938 sed
2187 865 2256 936 hi
2285 866 2487 938 etiam
2524 867 2640 960 qui
2683 866 2885 938 alieni
2918 868 3033 958 ju·
3071 835 3080 843 ”

972 1001 1091 1083 ris,
1123 999 1401 1072 ut·filius
1430 1024 1566 1073 non
1595 967 2101 1098 emancipatus:
2152 1003 2446 1098 pupillus
2476 1023 2739 1097 semper
2774 1002 2878 1074 sui
2906 1004 3035 1094 ju·-

969 1137 1064 1206 ris
1088 1157 1236 1206 esse
1267 1137 1488 1208 debet.

1075 1297 1106 1334 «
1143 1269 1250 1340 Ad
1276 1271 1641 1342 tuendum:
1692 1300 1723 1338 υ
1770 1314 1853 1326 -
1888 1272 2044 1343 hinc
2081 1272 2309 1343 tutelae
2332 1293 2618 1356 nomem
2662 1293 2798 1342 non
2824 1271 3032 1362 enim,

969 1411 1046 1472 ut
1075 1405 1293 1496 patria
1329 1415 1620 1498 potestas
1643 1461 1660 1491 ,
1694 1406 1765 1474 in
1806 1407 2155 1478 utilitatem
2191 1415 2258 1477 et
2301 1407 2511 1498 patris
2540 1415 2607 1478 et
2634 1406 3035 1494 liberorum,

966 1537 1088 1608 sed
1115 1540 1579 1611 tantummodo
1609 1542 1679 1610 in
1706 1540 2063 1612 utilitatem
2097 1541 2335 1636 pupilli
2372 1542 2533 1612 data
2566 1553 2691 1614 est.

1075 1699 1107 1737 «
1151 1673 1319 1742 Eum
1346 1673 1462 1766 qui
1491 1685 1764 1770 propter
1790 1685 2053 1746 aetatem
2076 1699 2147 1748 se
2182 1676 2543 1748 defendere
2576 1676 2809 1770 nequit
2830 1699 2854 1747 .·
2890 1704 2921 1742 »
2952 1717 3043 1731 --

967 1805 1038 1876 id
1064 1816 1190 1894 est,
1227 1809 1687 1903 impuberem3
1716 1819 1924 1904 quoto
1945 1821 2173 1882 autem
2206 1833 2387 1883 anno
2426 1811 2750 1905 pubertas
2779 1810 3044 1881 initium

965 1951 1238 2035 caperet
1296 1955 1451 2013 ante
1502 1944 1953 2015 Justinianum
2005 1945 2520 2038 ambigebatur,
2579 1967 2790 2038 quum
2842 1944 3045 2016 Sabi-

963 2076 1151 2146 niani
1186 2097 1336 2147 eam
1368 2099 1456 2148 ex
1482 2076 1719 2147 habitu
1746 2080 2079 2173 corporis,
2111 2071 2531 2150 Proculeiani
2563 2100 2653 2149 ex
2685 2088 2887 2187 aetate
2941 2099 3047 2150 so-

965 2211 1135 2295 lum,
1175 2212 1444 2282 Priscus
1484 2211 1775 2304 denique
1816 2235 1905 2284 ex
1948 2221 2242 2306 utraque
2282 2213 2669 2284 conditione
2728 2223 3048 2285 statuen-

966 2346 1127 2418 dam
1158 2355 1546 2436 censerent;
1588 2360 1656 2416 at
1707 2347 2129 2418 Justinianus
2181 2347 2404 2419 edicto
2457 2347 2789 2442 disposuit
2836 2375 2866 2412 «
2904 2369 3050 2441 pu-

964 2481 1294 2552 bertatem
1341 2481 1411 2549 in
1457 2479 1771 2550 masculis
1816 2491 1969 2573 post
2026 2492 2355 2575 quartum
2406 2481 2743 2552 decimum
2793 2503 3049 2553 annum

967 2613 1378 2707 completum
1435 2613 1612 2683 illico
1661 2613 1923 2683 initium
1973 2615 2319 2708 accipere,
2370 2617 2653 2686 feminas
2684 2625 2834 2709 post
2866 2616 3051 2689 duo-

967 2748 1306 2819 decimum
1341 2768 1601 2816 annum
1635 2749 2045 2842 completum
2091 2750 2527 2845 viripotentes
2571 2770 2718 2820 esse
2760 2751 2971 2821 credi.
3009 2778 3040 2815 n

1079 2912 1112 2944 «
1143 2884 1301 2953 ,lure
1333 2880 1521 2953 civili
1560 2881 1719 2952 data
1746 2904 1825 2952 ac
1862 2883 2231 2976 permissa:
2262 2912 2293 2948 »
2330 2920 2420 2932 -—
2457 2882 2721 2975 legibus
2744 2884 2952 2972 enim,
2986 2892 3052 2954 et

973 3027 1131 3088 ante
1173 3038 1408 3087 omnes
1459 3016 1609 3107 lege
1659 3018 1777 3087 XII
1812 3018 2229 3089 Tabularum
2260 3026 2584 3088 statutum
2622 3026 2726 3087 est
2778 3032 2845 3087 et
2897 3017 3050 3111 quis

973 3162 1155 3225 tutor
1181 3176 1328 3225 esse
1357 3154 1566 3249 possit
1593 3154 1949 3242 debeatve,
1990 3165 2055 3226 et
2086 3177 2295 3249 quam
2326 3155 2651 3249 incapite
2679 3153 2913 3248 pupilli
2947 3164 3051 3223 tu-

975 3301 1080 3362 tor
1111 3290 1358 3361 habeat
1386 3298 1811 3383 potestatem,
1844 3311 2134 3382 quaeque
2164 3290 2226 3359 ei
2247 3290 2647 3360 incumbant
2674 3287 2929 3359 officia.

1079 3428 1280 3496 Tutor
1327 3424 1437 3493 ille
1495 3432 1596 3494 est
1655 3423 1775 3515 qui
1828 3402 1978 3493 eam
2032 3424 2174 3494 vim
2220 3446 2302 3495 ac
2354 3433 2749 3517 potestatem
2798 3422 3045 3511 habet;

973 3558 1265 3654 pupillus
1293 3568 1520 3627 autem
1561 3556 1676 3649 qui
1705 3556 1765 3627 ei
1796 3557 2130 3628 subditur.

1072 3694 1216 3764 Etsi
1245 3713 1380 3762 non
1411 3702 1566 3762 ante
1593 3692 1903 3783 quintum
1932 3692 2269 3763 decimum
2303 3713 2558 3762 annum
2604 3691 2896 3785 puberes
2938 3713 3052 3762 re·

979 3835 1298 3919 putentur
1329 3846 1500 3907 esse,
1533 3845 1669 3894 non
1700 3818 1953 3895 infitias
1991 3824 2075 3893 iri
2110 3832 2327 3918 potest
2350 3824 2644 3917 aliquem
2680 3831 2911 3894 tamen
2936 3824 3054 3895 in-

973 3964 1316 4051 tellectum
1373 3964 1606 4035 decem
1666 3962 1773 4033 vel
1828 3959 2184 4033 duodecim
2242 3980 2454 4033 annos
2505 3971 2739 4032 natum
2800 3961 3053 4033 habere
