3352 5356
1734 583 2051 639 -10-

1011 849 1102 919 11.
1133 886 1232 901 —
1257 844 1540 933 Quando
1571 867 1662 918 cx
1682 845 1858 940 sacto
1886 845 2116 918 tutoris
2140 843 2417 916 minores
2442 865 2647 939 apere
2670 843 2775 920 vet

1571 980 1899 1052 conveniri
1918 990 2213 1075 possunt.

960 1243 1298 1337 Pupillum
1323 1243 1552 1337 ipsum
1576 1250 1889 1335 agentem
1919 1262 2076 1310 cum
2108 1231 2505 1311 auctoritate
2528 1237 2767 1310 tutoris
2786 1259 2922 1308 ne-

863 1398 980 1449 mo
1000 1376 1267 1448 dubitat
1299 1377 1430 1448 sibi
1453 1376 1779 1448 directam
1807 1376 2157 1468 acquirere
2195 1375 2553 1445 actionem.
2592 1373 2667 1444 Si
2700 1374 2923 1447 infans

863 1511 1202 1584 absensve
1221 1509 1307 1582 sit
1332 1512 1662 1605 pupillus,
1692 1511 1893 1581 debet
1920 1519 2103 1580 tutor
2128 1531 2345 1579 unum
2376 1531 2469 1580 ex
2507 1512 2659 1600 ejus
2702 1509 2921 1579 servis

863 1647 1268 1719 constituere
1299 1647 1418 1739 qui
1453 1667 1578 1741 pro
1609 1645 1885 1718 domino
1913 1645 2267 1739 stipuletur
2280 1699 2303 1732 ‚
2348 1645 2581 1738 sicque
2615 1645 2679 1715 ei
2702 1645 2920 1716 actio·

861 1801 1020 1851 nem
1052 1781 1384 1874 acquirat.

959 1913 1096 1984 Sed
1125 1913 1183 1986 si
1207 1914 1434 1988 infans
1462 1925 1583 1987 aut
1621 1917 1871 1989 absens
1900 1917 2199 2011 pupillus
2238 1914 2501 1985 nullum
2540 1913 2751 1984 habet
2782 1933 2925 1981 ser-

805 2059 1058 2137 ·-vum,
1089 2057 1212 2120 aut
1249 2049 1308 2118 si
1339 2059 1559 2136 tutor,
1599 2050 1717 2120 illo
1748 2051 1954 2121 etiam
1986 2071 2223 2121 servos
2261 2048 2550 2119 habente
2592 2047 2705 2118 vel
2740 2067 2925 2140 prae-

861 2192 1052 2254 sente
1082 2194 1152 2254 et
1179 2184 1514 2278 pubertati
1533 2184 1850 2278 proximo
1867 2238 1887 2271 ‚
1918 2185 2065 2277 ipse
2090 2184 2447 2276 stipulatus
2470 2181 2695 2258 fuerit.
2726 2201 2919 2250 com·

858 2318 1114 2411 petitne
1163 2318 1420 2414 pupillo
1466 2319 1646 2392 actio
1696 2317 1964 2391 civilis?
2013 2321 2241 2404 Quum
2278 2318 2537 2410 regula
2596 2317 2684 2388 sit
2741 2317 2917 2407 juris

857 2452 1113 2523 nemini
1146 2475 1265 2548 per
1303 2454 1583 2524 liberam
1617 2474 1978 2546 personam
2008 2454 2342 2524 actionem
2371 2452 2631 2545 acquiri
2649 2503 2670 2532 ,
2716 2451 2920 2522 certis

857 2594 1125 2656 tantum
1153 2584 1428 2654 casibus
1466 2585 1722 2678 pupillo
1750 2585 1926 2656 actio
1957 2584 2258 2672 dabitur,
2308 2607 2441 2656 nec
2482 2605 2563 2656 ea
2610 2584 2868 2656 directa
2891 2637 2912 2673 ,

859 2719 982 2792 sed
1027 2718 1211 2789 utilis
1245 2720 1490 2789 solum.

955 2854 1054 2940 Si,
1071 2854 1368 2948 exempli
1388 2855 1632 2947 gratia,
1655 2865 1861 2941 tutor,
1885 2856 2125 2951 pupilli
2141 2855 2427 2950 pecunia
2440 2855 2628 2939 data,
2648 2877 2775 2927 suo
2794 2878 2913 2929 no-

857 2991 1040 3064 mine
1063 2991 1422 3086 stipulatus
1455 2993 1682 3079 fuerit,
1712 2994 1825 3065 vel
1848 2994 2101 3087 praedia
2133 2994 2203 3070 in
2230 3014 2481 3065 nomen
2508 3015 2709 3065 suum
2737 3015 2913 3065 eme-

858 3123 974 3212 rit,
1019 3124 1204 3196 utilis
1250 3126 1428 3196 actio
1469 3126 1723 3219 pupillo
1764 3126 2037 3198 dabitur
2080 3126 2172 3199 ad
2207 3126 2618 3200 vindicanda
2657 3128 2915 3223 praedia

856 3258 972 3330 vel
997 3260 1355 3353 pecuniam
1383 3260 1813 3353 exigendam.

951 3394 1063 3464 Ex
1107 3392 1405 3485 judicato
1447 3395 1651 3466 etiam
1713 3397 2085 3490 acquiritur
2135 3418 2255 3490 per
2310 3406 2606 3470 tutorem
2656 3396 2910 3492 pupillo

858 3526 1035 3604 actio
1080 3527 1263 3597 utilis
1283 3580 1303 3617 ,
1336 3549 1463 3598 nec
1507 3529 1729 3599 solum
1776 3551 1895 3625 per
1932 3539 2254 3614 tutorem,
2286 3530 2407 3601 sed
2450 3530 2652 3601 etiam
2699 3551 2818 3624 per
2852 3530 2913 3600 si

858 3683 1060 3755 quem
1084 3664 1503 3735 constituerit
1527 3674 1707 3734 tutor
1728 3665 1801 3734 in
1824 3686 2032 3736 causa
2058 3675 2381 3736 actorem.

953 3796 1010 3873 E
1044 3797 1378 3867 contrario
1414 3807 1650 3868 contra
1673 3798 2000 3891 pupillum
2024 3820 2113 3869 ex
2138 3798 2315 3870 facto
2340 3797 2578 3867 tutoris
2605 3796 2913 3889 aliquan-

855 3929 946 4001 do
972 3928 1124 4000 dari
1157 3939 1373 4024 potest
1418 3931 1634 4020 acti03
1673 3932 1935 4023 hocque
1979 3932 2049 4001 in
2095 3931 2333 4004 iisdem
2380 3934 2588 4003 ferme
2638 3930 2910 4002 casibus

857 4065 1083 4139 evenit
1105 4088 1186 4139 ac
1202 4067 1459 4163 pupillo
1485 4090 1572 4141 ex
1594 4070 1773 4141 facto
1800 4068 2035 4140 tutoris
2063 4067 2238 4140 actio
2263 4067 2659 4161 acquiritur,
2683 4066 2756 4139 id
2778 4076 2905 4151 est,
