3352 5356
1773 586 2045 643 ...3.-

879 745 1223 838 obligare;
1281 763 1417 814 non
1466 749 1684 837 potest
1738 741 1883 812 sine
1932 739 2171 811 tutoris
2231 738 2626 810 auctoritate
2671 737 2945 831 aliquid·

881 878 1172 952 vendere
1196 899 1321 950 nec
1339 891 1594 965 emere,
1625 899 1754 948 nec
1782 877 2005 948 locare
2030 885 2147 946 aut
2176 873 2584 961 conducere,
2613 894 2742 944 nec
2775 894 2928 944 cre-

880 1013 1098 1086 dendo
1124 1013 1254 1086 sibi
1279 1013 1573 1106 aliquem
1597 1013 1925 1106 obligare,
1944 1032 2072 1084 nec
2098 1011 2255 1084 vice.
2278 1032 2479 1082 versa
2502 1032 2595 1082 aes
2630 1009 2923 1080 alienum

882 1149 1275 1222 contrahere
1300 1175 1318 1239 ;
1355 1150 1474 1222 sed
1499 1151 1744 1221 sicum
1775 1149 2021 1221 adultis
2050 1147 2494 1237 contraxerit,
2530 1145 2628 1217 illi
2652 1146 2944 1240 quidem.

883 1285 1295 1377 obligantur,
1324 1286 1618 1380 pupillus
1642 1295 1869 1357 autem
1900 1306 2038 1356 non
2064 1284 2429 1376 obligatur,
2459 1282 2591 1353 nisi
2613 1283 2685 1352 in
2712 1304 2930 1376 quan-

885 1431 1031 1492 tum
1061 1443 1150 1492 ex
1182 1423 1676 1517 eo-locupletior
1704 1423 1920 1492 factus
1945 1431 2069 1492 est.

982 1559 1131 1628 Non
1175 1567 1392 1650 potest
1440 1566 1764 1652 praeterea
1804 1557 2097 1652 pupillus
2129 1579 2404 1630 servum
2430 1555 2929 1646 manumittere,

887 1711 1011 1760 nec
1034 1689 1471 1762 hereditatem
1500 1691 1711 1778 adire,
1744 1690 1868 1761 etsi
1901 1691 2170 1763 lucrosa
2196 1691 2429 1776 fuerit,
2462 1691 2624 1785 quia
2658 1690 2936 1762 heredi·
2996 1739 3005 1746 ·

886 1832 1093 1893 tatem
1138 1824 1411 1896 adeunti
1453 1847 1717 1921 semper
1760 1826 1871 1898 vel
1908 1824 2207 1898 minimae
2240 1824 2640 1896 incumbunt
2668 1823 2935 1916 obliga-

889 1957 1128 2047 tiones,
1165 1981 1318 2051 quae
1348 1969 1618 2053 quantae
1646 1959 1781 2030 sint
1811 1980 1950 2031 non
1984 1955 2358 2050 dijudicare
2399 1979 2596 2053 posse
2633 1958 2935 2054 pupillus

890 2099 1226 2162 censetur.

985 2224 1212 2295 Potest
1241 2234 1474 2296 contra
1498 2225 1791 2319 pupillus
1821 2225 2253 2299 donationem
2289 2228 2622 2320 accipere,
2650 2226 2708 2298 si
2738 2228 2941 2298 modo

887 2359 1031 2430 sine
1045 2359 1424 2431 conditione
1437 2362 1614 2431 facta
1633 2360 1859 2446 fuerit,
1876 2361 1987 2431 vel
2002 2361 2256 2454 aliquid
2267 2382 2308 2432 a
2325 2361 2571 2454 quovis
2594 2361 2936 2454 stipulari,

890 2493 1092 2565 etiam
1121 2495 1473 2586 ignorante
1503 2502 1745 2565 tutore.
2610 2479 2619 2491 Χ

983 2627 1155 2700 Non'
1179 2635 1406 2699 autem
1442 2627 1758 2700 omnibus
1797 2629 2032 2724 pupilli
2077 2629 2245 2702 actis
2284 2637 2466 2701 tutor
2510 2639 2747 2702 auctor
2791 2651 2940 2703 esse

889 2770 1133 2857 potest.
1190 2761 1340 2833 Non
1381 2769 1600 2856 potest
1629 2761 1811 2833 enim
1843 2762 1916 2833 in
1958 2784 2104 2834 rem
2146 2786 2342 2837 suam
2392 2773 2629 2836 auctor
2654 2762 2831 2852 fieri,
2870 2763 2942 2837 id

891 2901 1017 2980 est,
1050 2894 1302 2988 pupillo
1322 2903 1557 2966 auctor
1581 2894 1729 2966 fieri
1754 2918 1826 2967 se
1849 2916 2013 2989 erga
2038 2919 2194 2969 eum
2217 2896 2573 2990 obliganti,
2598 2899 2709 2971 vel
2735 2898 2939 2972 etiam

887 3050 1057 3122 erga
1085 3049 1443 3123 personam
1469 3028 1531 3099 ei
1561 3028 1962 3122 subjectam,
1996 3040 2073 3102 ut
2099 3030 2312 3103 filium
2332 3034 2479 3124 ejus
2498 3034 2609 3106 vel
2636 3055 2937 3106 servum.

891 3164 1035 3234 Tali
1067 3185 1232 3257 ergo
1278 3171 1428 3235 acto
1459 3185 1600 3235 non
1631 3163 2045 3257 obligabitur
2068 3166 2387 3261 pupillus,
2424 3166 2557 3239 nisi
2590 3167 2662 3237 in
2708 3190 2940 3263 quan-

893 3308 1039 3369 tum
1089 3298 1484 3393 locupletior
1533 3300 1750 3371 factus
1804 3300 2030 3388 fuerit,
2067 3310 2145 3371 ut
2189 3302 2351 3373 Pius
2400 3302 2782 3375 Antoninus
2833 3326 2943 3375 re-

891 3434 1186 3529 scripsit.
1224 3433 1358 3506 Sed
1391 3434 1447 3505 si
1483 3434 1774 3529 pupillus
1811 3434 2005 3507 heres
2042 3436 2399 3528 cujusdam
2434 3437 2521 3509 sit
2554 3438 2673 3531 qui
2702 3438 2943 3511 tutoris

891 3569 1071 3641 idem
1101 3569 1301 3640 fuerit
1323 3569 1609 3655 debitor,
1638 3578 1857 3663 potest
1881 3578 2059 3640 tutor
2086 3579 2323 3642 auctor
2349 3593 2495 3643 esse
2522 3573 2820 3667 pupillo:
2866 3572 2947 3645 fit

893 3704 1075 3775 enim
1104 3705 1394 3799 pupillus
1430 3703 1724 3798 primum
1760 3704 1981 3789 hereS,
2010 3703 2273 3776 debitor
2309 3714 2534 3777 autem
2559 3708 2799 3780 tutoris
2827 3730 2947 3804 per

819 3936 823 3943 .
891 3840 1409 3933 consequentias
1436 3840 1681 3911 solum.

994 3974 1126 4047 Sed
1182 3972 1241 4047 si
1301 3974 1555 4069 pupillo
1597 3973 1736 4047 duo
1780 3975 1891 4048 vel
1935 3977 2162 4071 plures
2202 3976 2337 4050 sint
2387 3986 2641 4053 tutores
2661 4031 2679 4064 ‚
2733 3984 2950 4071 potest
